@article{alps,
  title={The application level placement scheduler},
  author={Karo, Michael and Lagerstrom, Richard and Kohnke, Marlys and Albing, Carl},
  journal={Cray User Group},
  pages={1--7},
  year={2006}
}
